<?xml version="1.0" encoding="UTF-8"?><collection><record><leader>06507ntm a2200589 a 4500</leader><controlfield tag="001">006818824</controlfield><controlfield tag="003">MiAaHDL</controlfield><controlfield tag="005">20190719000000.0</controlfield><controlfield tag="006">m        d        </controlfield><controlfield tag="007">cr bn ---auaua</controlfield><controlfield tag="008">090615s17uu    xx            00| ||ota d</controlfield><datafield tag="035" ind1=" " ind2=" "><subfield code="a">(MiU)006818824</subfield></datafield><datafield tag="035" ind1=" " ind2=" "><subfield code="a">sdr-miu006818824</subfield></datafield><datafield tag="040" ind1=" " ind2=" "><subfield code="a">MiU</subfield><subfield code="c">MiU</subfield><subfield code="e">amremm</subfield></datafield><datafield tag="041" ind1="0" ind2=" "><subfield code="a">ota</subfield></datafield><datafield tag="043" ind1=" " ind2=" "><subfield code="a">n-us-mi</subfield></datafield><datafield tag="100" ind1="0" ind2=" "><subfield code="6">880-01</subfield><subfield code="a">Mehmet Emin Salim,</subfield><subfield code="d">1688-1743.</subfield></datafield><datafield tag="245" ind1="1" ind2="0"><subfield code="6">880-03</subfield><subfield code="a">Neylül-reshad fî emri'l-cihad,</subfield><subfield code="f">[18th century?].</subfield></datafield><datafield tag="246" ind1="3" ind2=" "><subfield code="a">Neyl ür-reşad fi emr il-cihad.</subfield></datafield><datafield tag="246" ind1="3" ind2=" "><subfield code="a">Nayl al-rashād fī amr al-jihād</subfield></datafield><datafield tag="246" ind1="3" ind2=" "><subfield code="i">Title from inscription on front flyleaf (p.1):</subfield><subfield code="a">نيل الرشاد فى امر الجهاد</subfield></datafield><datafield tag="260" ind1=" " ind2=" "><subfield code="c">[17--?].</subfield></datafield><datafield tag="300" ind1=" " ind2=" "><subfield code="a">126 leaves :</subfield><subfield code="b">paper ;</subfield><subfield code="c">218 x 140 (140 x 72) mm.</subfield></datafield><datafield tag="500" ind1=" " ind2=" "><subfield code="a">Shelfmark: Ann Arbor, University of Michigan, Special Collections Library, Isl. Ms. 373</subfield></datafield><datafield tag="500" ind1=" " ind2=" "><subfield code="a">Origin: As appears in colophon on p.247, copied by ʻAbd al-Ghanī ibn Khaḍir [Khiḍr] (Abdulganî bin Hazır [Hızır] / عبد الغنى بن خضر) ; date of transcription not specified, though author's dates, decoration, etc. would suggest mide to late 18th century.</subfield></datafield><datafield tag="500" ind1=" " ind2=" "><subfield code="a">Former shelfmark: "410 T. De M. [i.e. Tammaro De Marinis]" inscribed in pencil on verso of front flyleaf (p.2) ; "٢٧٧" on tail edge of text block.</subfield></datafield><datafield tag="500" ind1=" " ind2=" "><subfield code="a">Binding: Pasteboards faced in dark brown leather with red leather over spine, fore edge flap and edges/turn-ins (leather framed and edged binding) ; Type II binding (with flap) ; board linings in marbled laid paper (in shades of blue, pink, red, yellow, green, bright orange, etc.) ; upper and lower covers carry stamped and gold-painted mandorla (filled with vegetal composition, somewhat similar to Déroche class. OAi2 1) and pendants with gold-painted accents and tooled rosettes, as well as guilloché roll border in gold ; sewn in dark pink thread, two stations ; worked chevron endbands in pink and pale green, fair condition ; overall in fair condition with some abrasion, lifting of leather, etc.</subfield></datafield><datafield tag="500" ind1=" " ind2=" "><subfield code="a">Support: non-European (likely Persian) laid paper with 7 laid lines per cm. (horizontal or vertical, curved and somewhat indistinct) and no chain lines visible, cloudy formation, crisp and fairly transluscent though sturdy, quite well-burnished, buff in color ; flyleaves in European laid paper with 9 laid lines per cm. (vertical), chain lines spaced 26-27 mm. apart (horizontal), and large watermark of scrollwork with crown above.</subfield></datafield><datafield tag="500" ind1=" " ind2=" "><subfield code="a">Decoration: Elegant illuminated headpiece (ʻunwān / sarlawḥ) at opening on p.8, consisting of rectangular piece with empty gold cartouche flanked by floral motifs in gold with red, white, orange and light blue accents, surmounted by scalloped w-shaped piece filled with swirling vegetal decoration with floral motifs in shades of pink, blue, red and white, on fields of gold and dark blue, all set in an elaborate well consting of bands of blue, pink and gold interlace and surmounted by vertical stalks (tīgh) in blue and red ; written area throughout surrounded by heavy gold frame defined by black fillets with outermost red rule, divisions within defined by narrow gold bands outlined in black fillets ; keywords, section headings, and excerpts (mainly Qurʼānic with vocalization) rubricated ; occasional overlining in red.</subfield></datafield><datafield tag="500" ind1=" " ind2=" "><subfield code="a">Script: Naskh ; elegant Ottoman hand ; partially but irregularly seriffed with right-sloping head-serif on occasional lām, effect of tilt to the left, closed and open counters, curvilinear descenders, pointing (for two and three dots) in strokes rather than distinct dots.</subfield></datafield><datafield tag="500" ind1=" " ind2=" "><subfield code="a">Layout: Written in 23 lines per page, occasionally divided to two columns ; frame-ruled.</subfield></datafield><datafield tag="500" ind1=" " ind2=" "><subfield code="a">Collation: i, I (2), 12 V(122), II (126), i ; almost exclusively quinions ; catchwords present ; foliation in red ink, Hindu-Arabic numerals ; pagination in pencil, Western numerals, supplied during digitization (includes front flyleaf and skips two pages each between pp.101-102 and 159-160).</subfield></datafield><datafield tag="500" ind1=" " ind2=" "><subfield code="a">Colophon: "Scribal," triangular, reads "قد وقع الختام عن تنميق هذه النسخة الجليلة المنقولة مصليا على نبيه محمد واله واصحابه الكرام البرره على يد اضعف الفقير عبد الغنى بن خضر غفر الله له وستر عيوبه تمت م"</subfield></datafield><datafield tag="500" ind1=" " ind2=" "><subfield code="a">Explicit: "دخى ممنوعلر اولوب حد مقدارلرنجه حركت ايتمليلردر"</subfield></datafield><datafield tag="500" ind1=" " ind2=" "><subfield code="a">Incipit: "حمد نامحدود وثناى نامعدود ايكى عالمدن مقصود اول معبود بالحق اولان واجب الوجود در كاهنه اولسونكه دين اسلامى هر حالده عالى ... وبعد بو عبد فقير نا ازاده يعنى محمد سالم ميرزا زاده بى ارتياب هنكام صبا وعالم شبابدن ... وشيرازه بند ختام ايدوب بو مسوده يى نيل الرشاد في امر الجهاد ناميله تسميه ..."</subfield></datafield><datafield tag="500" ind1=" " ind2=" "><subfield code="a">Title from opening matter on p.15.</subfield></datafield><datafield tag="500" ind1=" " ind2=" "><subfield code="a">Ms. codex.</subfield></datafield><datafield tag="510" ind1="4" ind2=" "><subfield code="a">Stewart-Robinson, J. " Sālim." In EI2,</subfield><subfield code="c">vol.VIII, p.990, col.2</subfield></datafield><datafield tag="520" ind1="8" ind2=" "><subfield code="a">Elegant copy of the work on jihād by Mehmet Salim Mirzazade (d.1743) ; contents listing at opening of codex (p.6).</subfield></datafield><datafield tag="538" ind1=" " ind2=" "><subfield code="a">Mode of access: Internet.</subfield></datafield><datafield tag="541" ind1=" " ind2=" "><subfield code="c">Purchase ;</subfield><subfield code="a">Acquired by purchase (funds donated by Horace Rackham).</subfield><subfield code="d">1924.</subfield></datafield><datafield tag="546" ind1=" " ind2=" "><subfield code="a">Ottoman Turkish.</subfield></datafield><datafield tag="561" ind1=" " ind2=" "><subfield code="a">Former owners' marks on front flyleaf (p.1) including inscription in name of one Zayn al-ʻĀbidīn ( زين العابدين ) and ownership statement in name of one al-Ḥājj Aḥmad ( الحاج احمد / Hacı Ahmet ) dated Rajab [?] 1239 [March 1824] ; occasional marginal corrections.</subfield></datafield><datafield tag="650" ind1=" " ind2="0"><subfield code="a">Manuscripts, Turkish</subfield><subfield code="z">Michigan</subfield><subfield code="z">Ann Arbor.</subfield></datafield><datafield tag="650" ind1=" " ind2="0"><subfield code="a">Jihad</subfield><subfield code="v">Early works to 1800.</subfield></datafield><datafield tag="655" ind1=" " ind2="7"><subfield code="a">Headpieces (layout features)</subfield><subfield code="y">18th century.</subfield><subfield code="2">aat</subfield></datafield><datafield tag="700" ind1="0" ind2=" "><subfield code="a">Abdülhamid</subfield><subfield code="b">II,</subfield><subfield code="c">Sultan of the Turks,</subfield><subfield code="d">1842-1918,</subfield><subfield code="e">former owner.</subfield></datafield><datafield tag="700" ind1="0" ind2=" "><subfield code="6">880-07</subfield><subfield code="a">Abdulganî bin Hazır,</subfield><subfield code="d">fl. 18th century?,</subfield><subfield code="e">scribe.</subfield></datafield><datafield tag="773" ind1="0" ind2=" "><subfield code="a">Abdul Hamid Collection.</subfield></datafield><datafield tag="880" ind1="0" ind2=" "><subfield code="6">700-07/</subfield><subfield code="a">عبد الغنى بن خضر,</subfield><subfield code="e">ناسخ.</subfield></datafield><datafield tag="880" ind1="1" ind2="0"><subfield code="6">245-03/</subfield><subfield code="a">نيل الرشاد في أمر الجهاد,</subfield><subfield code="f">[القرن 18م؟].</subfield></datafield><datafield tag="880" ind1="0" ind2=" "><subfield code="6">100-01/</subfield><subfield code="a">محمد امين سالم.</subfield></datafield><datafield tag="CID" ind1=" " ind2=" "><subfield code="a">006818824</subfield></datafield><datafield tag="DAT" ind1="0" ind2=" "><subfield code="a">20190719102639.0</subfield><subfield code="b">20190719000000.0</subfield></datafield><datafield tag="DAT" ind1="1" ind2=" "><subfield code="a">20190719090653.0</subfield><subfield code="b">2019-07-19T16:10:59Z</subfield></datafield><datafield tag="DAT" ind1="2" ind2=" "><subfield code="a">2015-10-02T18:00:03Z</subfield></datafield><datafield tag="CAT" ind1=" " ind2=" "><subfield code="a">SDR-MIU</subfield><subfield code="d">EX LIBRIS - ALEPH</subfield><subfield code="l">prepare.pl-004-008</subfield></datafield><datafield tag="FMT" ind1=" " ind2=" "><subfield code="a">BK</subfield></datafield><datafield tag="HOL" ind1=" " ind2=" "><subfield code="0">sdr-miu006818824</subfield><subfield code="a">MiU</subfield><subfield code="b">SDR</subfield><subfield code="c">MIU</subfield><subfield code="p">mdp.39015079130137</subfield><subfield code="s">MIU</subfield><subfield code="1">006818824</subfield></datafield><datafield tag="974" ind1=" " ind2=" "><subfield code="b">MIU</subfield><subfield code="c">MIU</subfield><subfield code="d">20190719</subfield><subfield code="s">lit-dlps-dc</subfield><subfield code="u">mdp.39015079130137</subfield><subfield code="y">1799</subfield><subfield code="r">pd</subfield><subfield code="q">bib</subfield><subfield code="t">non-US bib date1 &lt; 1879</subfield></datafield></record></collection>